<?xml version="1.0" encoding="UTF-8"?><collection><record><leader>06087ntm a2200613 a 4500</leader><controlfield tag="001">005984411</controlfield><controlfield tag="003">MiAaHDL</controlfield><controlfield tag="005">20190719000000.0</controlfield><controlfield tag="006">m        d        </controlfield><controlfield tag="007">cr bn ---auaua</controlfield><controlfield tag="008">090403s17uu    xx            00| ||ara d</controlfield><datafield tag="035" ind1=" " ind2=" "><subfield code="a">(MiU)005984411</subfield></datafield><datafield tag="035" ind1=" " ind2=" "><subfield code="a">sdr-miu005984411</subfield></datafield><datafield tag="040" ind1=" " ind2=" "><subfield code="a">MiU</subfield><subfield code="c">MiU</subfield><subfield code="e">amremm</subfield></datafield><datafield tag="043" ind1=" " ind2=" "><subfield code="a">n-us-mi</subfield></datafield><datafield tag="100" ind1="1" ind2=" "><subfield code="6">880-01</subfield><subfield code="a">Dawwānī, Muḥammad ibn Asʻad,</subfield><subfield code="d">1426 or 1427-1512 or 1513.</subfield></datafield><datafield tag="245" ind1="1" ind2="0"><subfield code="6">880-02</subfield><subfield code="a">[Ithbāt al-wājib ... etc.,</subfield><subfield code="f">18th century].</subfield></datafield><datafield tag="246" ind1="3" ind2=" "><subfield code="i">Edge title:</subfield><subfield code="a">شرح اثبات الوجود</subfield></datafield><datafield tag="260" ind1=" " ind2=" "><subfield code="c">[17--].</subfield></datafield><datafield tag="300" ind1=" " ind2=" "><subfield code="a">70 leaves :</subfield><subfield code="b">paper ;</subfield><subfield code="c">235 x 153 (103 x 61) mm. bound to 235 x 155 mm.</subfield></datafield><datafield tag="500" ind1=" " ind2=" "><subfield code="a">Shelfmark: Ann Arbor, University of Michigan, Special Collections Library, Isl. Ms. 33</subfield></datafield><datafield tag="500" ind1=" " ind2=" "><subfield code="a">Origin: Lacks dated colophon, though paper would suggest 18th century, likely . Inscription on fol.1a (p.3) appears to identify copyist (and former owner) as Mehmet Şakir.</subfield></datafield><datafield tag="500" ind1=" " ind2=" "><subfield code="a">Former shelfmark: British Museum, London "No. 82. Ithbat al-wujud."</subfield></datafield><datafield tag="500" ind1=" " ind2=" "><subfield code="a">Binding: Pasteboards (semi-limp) covered in marbled paper (blue, green and yellow) with spine in red leather ; Type III binding (without flap) ; board linings in yellow surface tinted laid paper ; flyleaves in peach-tinted laid paper ; sewn in dark pink thread, two stations, primaries in yellow and dark pink ; endbands in light-blue and pink ; in fair condition with some staining, abrasion, lifting of spine leather, etc.</subfield></datafield><datafield tag="500" ind1=" " ind2=" "><subfield code="a">Support: European laid paper of a few different types ; mainly with 13-14 laid lines per cm. (vertical), chain lines spaced 22 mm. (vertical), smooth, well-burnished with watermark scroll or shield with lion rampant and "D V [?]" countermark ; first quire in a different European laid paper (watermark scrollwork difficult to examine) and flyleaves in still different European laid paper with three hats watermark.</subfield></datafield><datafield tag="500" ind1=" " ind2=" "><subfield code="a">Decoration: Text rubricated with keywords, overlining, abbreviations, etc. in red.</subfield></datafield><datafield tag="500" ind1=" " ind2=" "><subfield code="a">Script: Naskh ; elegant Turkish hand ; virtually serifless, though occasional right-sloping head serif appears on lām ; effect of tilt to the left and occasional slight effect of words descending to baseline ; descenders somewhat flattened ; occasional superscripting of final words of a line ; glosses appear to have been supplied in the same hand though in a thinner line and with frequent dramatic elongation of the horizontal strokes.</subfield></datafield><datafield tag="500" ind1=" " ind2=" "><subfield code="a">Layout: Written in 9 lines per page with roughly 32 lines of the gloss and 44 lines of the supergloss on the diagonal in the margins ; frame-ruled.</subfield></datafield><datafield tag="500" ind1=" " ind2=" "><subfield code="a">Collation: i, 7 V(70), i ; chiefly quinions ; catchwords present ; pagination in pencil, Western numerals, supplied during digitiazation (includes flyleaves).</subfield></datafield><datafield tag="500" ind1=" " ind2=" "><subfield code="a">Explicit: "ولهذه المناقشة مزيد تفصيل ربما يعتبر عليه في تعليقاتنا وليكن هذا اخر الرسالة مع تفرق وتشتت البال ... ولكن هذا ربي يحقق الحق تمت"</subfield></datafield><datafield tag="500" ind1=" " ind2=" "><subfield code="a">Incipit: "سبحانك ما اعظم شانك واظهر برهانك انت الشاهد في العين ولا يشاهدك في العين ... وبعد فيقول الفقير الى عفو رب الحقيقي محمد بن اسعد الدواني الصديقي قد حررت في هذه الرسالة وجوه براهين اثبات الواجب جل ذكره ما اورده ائمة الحكمة والكلام ..."</subfield></datafield><datafield tag="500" ind1=" " ind2=" "><subfield code="a">Title supplied by cataloguer.</subfield></datafield><datafield tag="500" ind1=" " ind2=" "><subfield code="a">Ms. codex.</subfield></datafield><datafield tag="510" ind1="4" ind2=" "><subfield code="a">Brockelmann, C. GAL,</subfield><subfield code="c">II, 217/11 ; SII, 307/11</subfield></datafield><datafield tag="520" ind1="8" ind2=" "><subfield code="a">Elegant copy of the Risālah fī Ithbāt al-wājib of Jalāl al-Dīn al-Dawānī, glossed with commentary of Mullā Ḥanafī on the inner margin and supergloss of Mīrzā Jān on the outer margin.</subfield></datafield><datafield tag="538" ind1=" " ind2=" "><subfield code="a">Mode of access: Internet.</subfield></datafield><datafield tag="541" ind1=" " ind2=" "><subfield code="c">Purchase ;</subfield><subfield code="a">Acquired by purchase along with Abdul Hamid Collection (funds donated by Horace Rackham).</subfield><subfield code="d">1924.</subfield></datafield><datafield tag="546" ind1=" " ind2=" "><subfield code="a">Arabic.</subfield></datafield><datafield tag="561" ind1=" " ind2=" "><subfield code="a">Bookplate of British Museum, London on inner front cover,"British Museum, London. No. 82. Ithbat al-wujud." ; circular seal impression with figure of goat/gazelle in purple ink as well as inscription "346" in Western numerals on front flyleaf (p.1) ; on fol.1a (p.3) ownership statement accompanied by oval seal impression, statement reads: "استصحبه وكتبه المعترف بالعجز والتقصير سيد محمد شاكر خزينة [؟] عن چوقداران حضرت شهربارى" ; gloss of Mullā Ḥanafī (close on fol.70b/p.142) and supergloss of Mīrzā Jān (close on fol.70a/p.141) appear in the margins, otherwise fairly clean copy.</subfield></datafield><datafield tag="600" ind1="1" ind2="0"><subfield code="a">Mullā Ḥanafī,</subfield><subfield code="d">fl. 1520.</subfield><subfield code="t">Sharḥ Ithbāt al-wājib lil-Ḥanafī.</subfield></datafield><datafield tag="600" ind1="1" ind2="0"><subfield code="a">Dawwānī, Muḥammad ibn Asʻad,</subfield><subfield code="d">1426 or 7-1512 or 13.</subfield><subfield code="t">Risālah qadīmah li-ithbāt al-wājib.</subfield></datafield><datafield tag="650" ind1=" " ind2="0"><subfield code="a">Manuscripts, Arabic</subfield><subfield code="z">Michigan</subfield><subfield code="z">Ann Arbor.</subfield></datafield><datafield tag="650" ind1=" " ind2="0"><subfield code="a">Islam</subfield><subfield code="x">Doctrines</subfield><subfield code="v">Early works to 1800.</subfield></datafield><datafield tag="650" ind1=" " ind2="0"><subfield code="a">God (Islam)</subfield><subfield code="x">Proof, ontological</subfield><subfield code="v">Early works to 1800.</subfield></datafield><datafield tag="700" ind1="0" ind2=" "><subfield code="6">880-07</subfield><subfield code="a">Mehmet Şakir,</subfield><subfield code="e">former owner,</subfield><subfield code="e">scribe.</subfield></datafield><datafield tag="700" ind1="1" ind2="2"><subfield code="6">880-06</subfield><subfield code="a">Mīrzā Jān, Ḥabīb Allāh,</subfield><subfield code="d">-1586?</subfield><subfield code="t">Ḥāshiyat Mīrzā Jān ʻalá al-Ḥanafī.</subfield></datafield><datafield tag="700" ind1="1" ind2="2"><subfield code="6">880-05</subfield><subfield code="a">Mullā Ḥanafī,</subfield><subfield code="d">fl. 1520.</subfield><subfield code="t">Sharḥ Ithbāt al-wājib lil-Ḥanafī.</subfield></datafield><datafield tag="700" ind1="1" ind2="2"><subfield code="6">880-04</subfield><subfield code="a">Dawwānī, Muḥammad ibn Asʻad,</subfield><subfield code="d">1426 or 1427-1512 or 1513.</subfield><subfield code="t">Risālah qadīmah li-ithbāt al-wājib.</subfield></datafield><datafield tag="773" ind1="0" ind2=" "><subfield code="a">Tiflis Collection.</subfield></datafield><datafield tag="880" ind1="0" ind2=" "><subfield code="6">700-07/</subfield><subfield code="a">محمد شاكر،</subfield><subfield code="e">مالك سابق،</subfield><subfield code="e">ناسخ.</subfield></datafield><datafield tag="880" ind1="1" ind2="2"><subfield code="6">700-06/</subfield><subfield code="a">ميرزا جان، حبيب الله.</subfield><subfield code="t">حاشية ميرزا جان على الحنفي.</subfield></datafield><datafield tag="880" ind1="1" ind2="2"><subfield code="6">700-05/</subfield><subfield code="a">ملا حنفي.</subfield><subfield code="t">شرح اثبات الواجب للحنفي.</subfield></datafield><datafield tag="880" ind1="1" ind2="2"><subfield code="6">700-04/</subfield><subfield code="a">دواني، محمد بن اسعد.</subfield><subfield code="t">.رسالة قديمة لاثبات الواجب</subfield></datafield><datafield tag="880" ind1="1" ind2="0"><subfield code="6">245-02/</subfield><subfield code="a">[اثبات الواجب ... الخ,</subfield><subfield code="f">القرن 18م].</subfield></datafield><datafield tag="880" ind1="1" ind2=" "><subfield code="6">100-01/</subfield><subfield code="a">دواني، محمد بن اسعد.</subfield></datafield><datafield tag="CID" ind1=" " ind2=" "><subfield code="a">005984411</subfield></datafield><datafield tag="DAT" ind1="0" ind2=" "><subfield code="a">20190719102633.0</subfield><subfield code="b">20190719000000.0</subfield></datafield><datafield tag="DAT" ind1="1" ind2=" "><subfield code="a">20190719090653.0</subfield><subfield code="b">2019-07-19T16:11:08Z</subfield></datafield><datafield tag="DAT" ind1="2" ind2=" "><subfield code="a">2015-10-10T18:00:06Z</subfield></datafield><datafield tag="CAT" ind1=" " ind2=" "><subfield code="a">SDR-MIU</subfield><subfield code="d">EX LIBRIS - ALEPH</subfield><subfield code="l">prepare.pl-004-008</subfield></datafield><datafield tag="FMT" ind1=" " ind2=" "><subfield code="a">BK</subfield></datafield><datafield tag="HOL" ind1=" " ind2=" "><subfield code="0">sdr-miu005984411</subfield><subfield code="a">MiU</subfield><subfield code="b">SDR</subfield><subfield code="c">MIU</subfield><subfield code="p">mdp.39015079105485</subfield><subfield code="s">MIU</subfield><subfield code="1">005984411</subfield></datafield><datafield tag="974" ind1=" " ind2=" "><subfield code="b">MIU</subfield><subfield code="c">MIU</subfield><subfield code="d">20190719</subfield><subfield code="s">lit-dlps-dc</subfield><subfield code="u">mdp.39015079105485</subfield><subfield code="y">1799</subfield><subfield code="r">pd</subfield><subfield code="q">bib</subfield><subfield code="t">non-US bib date1 &lt; 1896</subfield></datafield></record></collection>